<?xml version="1.0" encoding="UTF-8"?><record xmlns="http://www.loc.gov/MARC21/slim" xmlns:cinclude="http://apache.org/cocoon/include/1.0" xmlns:zs="http://www.loc.gov/zing/srw/">
  <leader>00596cz  a2200157n  4500</leader>
  <controlfield tag="001">n 2009006515</controlfield>
  <controlfield tag="003">DLC</controlfield>
  <controlfield tag="005">20130326104530.0</controlfield>
  <controlfield tag="008">090202n| azannaabn          |a aaa      </controlfield>
  <datafield tag="010" ind1=" " ind2=" ">
    <subfield code="a">n 2009006515</subfield>
  </datafield>
  <datafield tag="040" ind1=" " ind2=" ">
    <subfield code="a">DLC</subfield>
    <subfield code="b">eng</subfield>
    <subfield code="e">rda</subfield>
    <subfield code="c">DLC</subfield>
    <subfield code="d">DLC</subfield>
  </datafield>
  <datafield tag="046" ind1=" " ind2=" ">
    <subfield code="f">1920~</subfield>
    <subfield code="g">2005</subfield>
    <subfield code="2">edtf</subfield>
  </datafield>
  <datafield tag="100" ind1="1" ind2=" ">
    <subfield code="a">Frankel, Gene,</subfield>
    <subfield code="d">approximately 1920-2005</subfield>
  </datafield>
  <datafield tag="400" ind1="1" ind2=" ">
    <subfield code="w">nnea</subfield>
    <subfield code="a">Frankel, Gene,</subfield>
    <subfield code="d">ca. 1920-2005</subfield>
  </datafield>
  <datafield tag="670" ind1=" " ind2=" ">
    <subfield code="a">The Blacks, 1961</subfield>
    <subfield code="b">DLC copy theater program (directed by Gene Frankel)</subfield>
  </datafield>
  <datafield tag="670" ind1=" " ind2=" ">
    <subfield code="a">Internet Broadway database, February 2, 2009</subfield>
    <subfield code="b">(Gene Frankel; b. circa.1920; d. April 20, 2005 New York City, NY, USA; Male; Director)</subfield>
  </datafield>
</record>